@inproceedings{1,
  author = {Lu, Y. and Liu, C.},
  title = {UAV Gust Wind Mitigation Measurement and Control System Design},
  booktitle = {2022 IEEE International Conference on Unmanned Systems (ICUS)},
  year = {2022},
  pages = {1027-1034},
  doi = {10.1109/ICUS55513.2022.9986549}
}

@misc{2,
  author = {CSIRO Robotics},
  title = {Hovermap},
  url = {https://www.csiro.au/en/research/robotics/technologies/hovermap},
}

@misc{3,
  author = {Civil Aviation Safety Authority},
  title = {Drone rules},
  url = {https://casa.gov.au/drone-rules},
}

@inproceedings{4,
  author = {Tong, S. and Weiping, Z. and Jiawang, M. and Zihao, C.},
  title = {Research Progress on Control of Bioinspired Flapping-wing Micro Air Vehicles},
  booktitle = {2019 IEEE International Conference on Unmanned Systems (ICUS)},
  year = {2019},
  pages = {842-847},
  doi = {10.1109/ICUS48101.2019.8995951}
}

@misc{5,
  author = {Luc Stiemer},
  title = {Design of Online Deep Reinforcement Learning of Servo Control for a Small-Scale Bio-Inspired Wind},
}

@article{6,
  author = {Adetifa, A. and Okonkwo, P. and Muhammed, B. and Udekwe, D.},
  title = {Deep reinforcement learning for aircraft longitudinal control augmentation system},
  journal = {Nigerian Journal of Technology},
  volume = {42},
  number = {1},
  pages = {144-151},
  year = {2023},
  issn = {0331-8443},
  doi = {10.4314/njt.v42i1.18}
}

@misc{7,
  author = {Lopez-Sanchez I, Moreno-Valenzuela J.},
  title = {PID control of quadroter UAVs: A survey.},
  year = {2023},
  issn = {56:100900},
  doi = {10.1016/j.arcontrol.2023.100900}
}

@article{8,
  author = {Uçak, K. and Günel, G. Ö.},
  title = {Model-free MIMO self-tuning controller based on support vector regression for nonlinear systems},
  journal = {Neural Computing and Applications},
  volume = {33},
  number = {},
  pages = {15731-15750},
  year = {2021},
  issn = {0935-697X},
  doi = {10.1007/s00521-021-06194-1}
}

@article{9,
  author = {XU, Wenfu and PAN, Erzhen and LIU, Juntao and LI, Yihong and YUAN, Han},
  title = {Flight control of a large-scale flapping-wing flying robotic bird: System development and flight experiment},
  journal = {Chinese Journal of Aeronautics},
  series = {35},
  number = {2},
  pages = {235-249},
  year = {2022},
  issn = {1000-9361},
  doi = {10.1016/j.cja.2021.03.009}
}

@inproceedings{10,
  author = {Okasha, M. and Kralev, J. and Islam, M.},
  title = {Design and Experimental Comparison of PID, LQR and MPC Stabilizing Controllers for Parrot Mambo Mini-Drone},
  booktitle = {Aerospace},
  series = {9},
  number = {6},
  pages = {298},
  year = {2022},
  doi = {10.3390/aerospace9060298}
}

@misc{11,
  author = {NASA},
  title = {Closed Return Wind Tunnel},
  url = {https://www.nasa.gov/centers/armstrong/research/wind-tunnels/closed-return},
}












